% Encoding: UTF-8

@Book{arfken99,
  title={Mathematical methods for physicists},
  author={Arfken, George B and Weber, Hans J},
  year={1999},
  publisher={AAPT}
}